

@inproceedings{Lim,
  author =        {Lim, Lek-Heng},
  booktitle =     {1st IEEE International Workshop on Computational
                   Advances in Multi-Sensor Adaptive Processing},
  number =        {},
  pages =         {129-132},
  title =         {Singular values and eigenvalues of tensors: a
                   variational approach},
  volume =        {},
  year =          {2005},
}

@article{Qi,
  author =        {Qi, Liqun},
  journal =       {Journal of Symbolic Computation},
  number =        {6},
  pages =         {1302--1324},
  title =         {Eigenvalues of a real supersymmetric tensor},
  volume =        {40},
  year =          {2005},
}

@book{QZ,
  author =        {Qi, Liqun and Luo, Ziyan},
  publisher =     {Philadelphia, PA: Society for Industrial and Applied
                   Mathematics},
  title =         {Tensor analysis: Spectral theory and special tensors},
  year =          {2017},
  doi =           {10.1137/1.9781611974751},
}

@article{GMV,
author = {Galuppi, Francesco and Mulas, Raffaella and Venturello, Lorenzo},
title = {Spectral theory of weighted hypergraphs via tensors},
journal = {Linear and Multilinear Algebra},
volume = {71},
number = {3},
pages = {317-347},
year = {2023},
publisher = {Taylor & Francis},
doi = {10.1080/03081087.2022.2030659},
}

@article{OttSod,
  author =        {Ottaviani, Giorgio and Sodomaco, Luca},
  journal =       {Computer Aided Geometric Design},
  pages =         {101927},
  title =         {The distance function from a real algebraic variety},
  volume =        {82},
  year =          {2020},
}

@article{OO,
  author =        {Oeding, Luke and Ottaviani, Giorgio},
  journal =       {Journal of Symbolic Computation},
  pages =         {9--35},
  title =         {Eigenvectors of tensors and algorithms for {Waring}
                   decomposition},
  volume =        {54},
  year =          {2013},
  doi =           {10.1016/j.jsc.2012.11.005},
}

@article{CartSturm,
  author =        {Cartwright, Dustin and Sturmfels, Bernd},
  journal =       {Linear Algebra and its Applications},
  number =        {2},
  pages =         {942--952},
  title =         {The number of eigenvalues of a tensor},
  volume =        {438},
  year =          {2013},
  doi =           {10.1016/j.laa.2011.05.040},
}

@article{DOT,
  author =        {Draisma, Jan and Ottaviani, Giorgio and
                   Tocino, Alicia},
  journal =       {Res. Math. Sci.},
  number =        {2},
  pages =         {Paper No. 27, 13},
  title =         {Best rank-{$k$} approximations for tensors:
                   generalizing {E}ckart-{Y}oung},
  volume =        {5},
  year =          {2018},
  doi =           {10.1007/s40687-018-0145-1},
  issn =          {2522-0144,2197-9847},
  url =           {https://doi.org/10.1007/s40687-018-0145-1},
}

@article{Ott,
  author =        {Ottaviani, Giorgio},
  journal =       {Vietnam J. Math.},
  number =        {3},
  pages =         {615--622},
  title =         {The critical space for orthogonally invariant
                   varieties},
  volume =        {50},
  year =          {2022},
}

@inproceedings{ASS,
  author =        {Abo, Hirotachi and Seigal, Anna and Sturmfels, Bernd},
  booktitle =     {Algebraic and Geometric Methods in Discrete
                   Mathematics, Contemporary Mathematics 685},
  pages =         {1--25},
  publisher =     {American Mathematical Society, Providence, RI},
  title =         {Eigenconfigurations of {Tensors}},
  year =          {2017},
  doi =           {10.1090/conm/685},
}

@article{BGV,
  author =        {Beorchia, Valentina and Galuppi, Francesco and
                   Venturello, Lorenzo},
  journal =       {SIAM Journal on Applied Algebra and Geometry},
  number =        {4},
  pages =         {620-650},
  title =         {Eigenschemes of Ternary Tensors},
  volume =        {5},
  year =          {2021},
  doi =           {10.1137/20M1355410},
}

@article{OS1,
  author =        {Ottaviani, Giorno and Sernesi, Edoardo},
  journal =       {Michigan Mathematical Journal},
  number =        {2},
  pages =         {365--394},
  title =         {On the hypersurface of {L}\"{u}roth quartics},
  volume =        {59},
  year =          {2010},
  doi =           {10.1307/mmj/1281531462},
}

@book{Dolgachev,
  author =        {Dolgachev, Igor},
  publisher =     {Cambridge University Press, Cambridge},
  title =         {Classical algebraic geometry. A modern view},
  year =          {2012},
  doi =           {10.1017/CBO9781139084437},
}

@article{Abo,
  author =        {Abo, Hirotachi},
  journal =       {Portugaliae Mathematica},
  number =        {3-4},
  pages =         {299--343},
  title =         {On the discriminant locus of a rank {$n-1$} vector
                   bundle on {$\p^{n-1}$}},
  volume =        {77},
  year =          {2020},
}

@book{3264,
  author =        {Eisenbud, David and Harris, Joe},
  pages =         {xiv+616},
  publisher =     {Cambridge University Press, Cambridge},
  title =         {3264 and all that---a second course in algebraic
                   geometry},
  year =          {2016},
  doi =           {10.1017/CBO9781139062046},
  isbn =          {978-1-107-60272-4; 978-1-107-01708-5},
  url =           {https://doi.org/10.1017/CBO9781139062046},
}

@article{Hartshorne1980,
  author =        {Hartshorne, Robin},
  journal =       {Mathematische Annalen},
  pages =         {121--176},
  title =         {Stable reflexive sheaves},
  volume =        {254},
  year =          {1980},
  doi =           {10.1007/BF01467074},
}

@book{Huybrechts2010,
  author =        {Huybrechts, Daniel and Lehn, Manfred},
  edition =       {2},
  publisher =     {Cambridge University Press},
  series =        {Cambridge Mathematical Library},
  title =         {The Geometry of Moduli Spaces of Sheaves},
  year =          {2010},
  doi =           {10.1017/CBO9780511711985},
}

@article{Ellia2020,
  author =        {Ellia, Philippe},
  journal =       {Journal of Pure and Applied Algebra},
  number =        {1},
  pages =         {423--431},
  title =         {Quasi-complete intersections and global {Tjurina}
                   number of plane curves},
  volume =        {224},
  year =          {2020},
  doi =           {10.1016/j.jpaa.2019.05.014},
}

@article{Whitney1935,
  author =        {Whitney, Hassler},
  journal =       {Am. J. Math.},
  pages =         {509--533},
  title =         {On the abstract properties of linear dependence},
  volume =        {57},
  year =          {1935},
  doi =           {10.2307/2371182},
  issn =          {0002-9327},
  language =      {English},
}
@article {BDHE,
    AUTHOR = {Boralevi, Ada and Draisma, Jan and Horobe\c{t}, Emil and
              Robeva, Elina},
     TITLE = {Orthogonal and unitary tensor decomposition from an algebraic
              perspective},
   JOURNAL = {Israel J. Math.},
  FJOURNAL = {Israel Journal of Mathematics},
    VOLUME = {222},
      YEAR = {2017},
    NUMBER = {1},
     PAGES = {223--260},
      }

      @article {Rob,
    AUTHOR = {Robeva, Elina},
     TITLE = {Orthogonal decomposition of symmetric tensors},
   JOURNAL = {SIAM J. Matrix Anal. Appl.},
  FJOURNAL = {SIAM Journal on Matrix Analysis and Applications},
    VOLUME = {37},
      YEAR = {2016},
    NUMBER = {1},
     PAGES = {86--102},
}


@article{Ottaviani24,
AUTHOR = {Ottaviani, Giorgio},
TITLE = {Effective methods for plane quartics, their theta characteristics and the Scorza map},
YEAR = {2024},
DOI = {10.48550/arXiv.2403.19599},
NOTE = {arXiv preprint}
}