@book {BH-book,
    AUTHOR = {Bruns, W. and Herzog, J.},
     TITLE = {Cohen-{M}acaulay rings},
    SERIES = {Cambridge Studies in Advanced Mathematics},
    VOLUME = {39},
 PUBLISHER = {Cambridge University Press, Cambridge},
      YEAR = {1993},
     PAGES = {xii+403},
      ISBN = {0-521-41068-1},
       DOI = {10.1017/CBO9780511608681},
   MRCLASS = {13H10 (13-02)},
  MRNUMBER = {1251956},
MRREVIEWER = {Matthew Miller},
}

@article {Abo,
	AUTHOR = {Abo, H.},
	TITLE = {On the discriminant locus of a rank {$n-1$} vector bundle on
	{$\p^{n-1}$}},
	JOURNAL = {Portugaliae Mathematica},
	VOLUME = {77},
	YEAR = {2020},
	NUMBER = {3-4},
	PAGES = {299--343},
}
@article {CGKS,
    AUTHOR = {\c{C}elik, T. \"{O}. and Galuppi, F. and Kulkarni, A. and Sorea, M.-\c{S}.},
     TITLE = {On the eigenpoints of cubic surfaces},
   JOURNAL = {Le Matematiche},
    VOLUME = {??},
      YEAR = {2020},
    NUMBER = {??},
     PAGES = {??},
}

@article{OO,
     TITLE = {Eigenvectors of tensors and algorithms for Waring decomposition},
   JOURNAL = {Journal of Symbolic Computation},
    VOLUME = {54},
     PAGES = {9--35},
      YEAR = {2013},
    AUTHOR = {Oeding, L. and Ottaviani, G.},
       DOI = {10.1016/j.jsc.2012.11.005},
}

@article {OS1,
    AUTHOR = {Ottaviani, G. and Sernesi, E.},
     TITLE = {On the hypersurface of {L}\"{u}roth quartics},
   JOURNAL = {Michigan Mathematical Journal},
    VOLUME = {59},
      YEAR = {2010},
    NUMBER = {2},
     PAGES = {365--394},
       DOI = {10.1307/mmj/1281531462}
}

@article {OS2,
    AUTHOR = {Ottaviani, G. and Sernesi, E.},
     TITLE = {On singular {L}\"{u}roth quartics},
   JOURNAL = {Science China. Mathematics},
    VOLUME = {54},
      YEAR = {2011},
    NUMBER = {8},
     PAGES = {1757--1766},
       DOI = {10.1007/s11425-010-4123-3}
}

@article {CartSturm,
    AUTHOR = {Cartwright, D. and Sturmfels, B.},
     TITLE = {The number of eigenvalues of a tensor},
   JOURNAL  = {Linear Algebra and its Applications},
    VOLUME = {438},
      YEAR = {2013},
    NUMBER = {2},
     PAGES = {942--952},
       DOI = {10.1016/j.laa.2011.05.040},
}

@article {Bateman,
    AUTHOR = {Bateman, H.},
     TITLE = {The quartic curve and its inscribed configurations},
   JOURNAL = {American Journal of Mathematics},
    VOLUME = {36},
      YEAR = {1914},
    NUMBER = {4},
     PAGES = {357--386},
       DOI = {10.2307/2370369}
}

@book {Debarre,
    AUTHOR = {Debarre, O.},
     TITLE = {Higher-dimensional algebraic geometry},
    SERIES = {Universitext},
 PUBLISHER = {Springer-Verlag, New York},
      YEAR = {2001},
       DOI = {10.1007/978-1-4757-5406-3}
}

@article{K,
     TITLE = {On fully real eigenconfigurations of tensors},
   JOURNAL = {SIAM Journal on Applied Algebra and Geometry},
    VOLUME = {2},
    NUMBER = {2},
     PAGES = {339--347},
      YEAR = {2018},
    AUTHOR = {Kozhasov, K.},
       DOI = {10.1137/17M1145902}
}

@book{QZ,
    AUTHOR = {Qi, L. and Luo, Z.},
 PUBLISHER = {Philadelphia, PA: Society for Industrial and Applied Mathematics},
	 TITLE = {Tensor analysis: Spectral theory and special tensors},
      YEAR = {2017},
       DOI = {10.1137/1.9781611974751}
}

@inproceedings {ASS,
    AUTHOR = {Abo, H. and Seigal, A. and Sturmfels, B.},
     TITLE = {Eigenconfigurations of Tensors},
 BOOKTITLE = {Algebraic and Geometric Methods in Discrete Mathematics, Contemporary Mathematics 685},
     PAGES = {1--25},
 PUBLISHER = {American Mathematical Society, Providence, RI},
      YEAR = {2017},
       DOI = {10.1090/conm/685},
}

@article{Hartshorne1980,
     TITLE = {Stable reflexive sheaves},
   JOURNAL = {Mathematische Annalen},
    AUTHOR = {Hartshorne, Robin},
    VOLUME = {254},
     PAGES = {121--176},
      YEAR = {1980},
       DOI = {10.1007/BF01467074},
}

@Book{Hartshorne1977,
     TITLE = {Algebraic geometry},
 PUBLISHER = {Springer-Verlag},
      YEAR = {1977},
    AUTHOR = {Hartshorne, Robin},
    VOLUME = {52},
    SERIES = {Graduate Texts in Mathematics},
   ADDRESS = {New York-Heidelberg},
     PAGES = {xvi+496},
       DOI = {10.1007/978-1-4757-3849-0},
}

@book{Huybrechts2010,
     PLACE = {Cambridge},
   EDITION = {2},
    SERIES = {Cambridge Mathematical Library},
     TITLE = {The Geometry of Moduli Spaces of Sheaves},
       DOI = {10.1017/CBO9780511711985},
 PUBLISHER = {Cambridge University Press},
    AUTHOR = {Huybrechts, Daniel and Lehn, Manfred},
       YEAR= {2010},
}

@article{Ellia2020,
     TITLE = {Quasi-complete intersections and global {Tjurina} number of plane curves},
   JOURNAL = {Journal of Pure and Applied Algebra},
    VOLUME = {224},
    NUMBER = {1},
     PAGES = {423--431},
      YEAR = {2020},
       DOI = {10.1016/j.jpaa.2019.05.014},
    AUTHOR = {Ellia, Ph. },
}
@INPROCEEDINGS{Lim,
  author={ Lim, L.-H. },
  booktitle={1st IEEE International Workshop on Computational Advances in Multi-Sensor Adaptive Processing}, 
  title={Singular values and eigenvalues of tensors: a variational approach}, 
  year={2005},
  volume={},
  number={},
  pages={129-132},}

@article{Simis2014,
     TITLE = {Homology of homogeneous divisors},
    AUTHOR = {Simis, Aron and Toh\u{a}neanu, \c{S}tefan O.},
   JOURNAL = {Israel J. of Math.},
      YEAR = {2014},
    VOLUME = {200},
     PAGES = {449--487},
       DOI = {10.1007/s11856-014-0025-3}
}

@book {Dolgachev,
    AUTHOR = {Dolgachev, I.},
     TITLE = {Classical algebraic geometry. A modern view},
 PUBLISHER = {Cambridge University Press, Cambridge},
      YEAR = {2012},
       DOI = {10.1017/CBO9781139084437},
}

@article {Maccioni,
    AUTHOR = {Maccioni, M.},
     TITLE = {The number of real eigenvectors of a real polynomial},
   JOURNAL = {Bollettino dell'Unione Matematica Italiana},
    VOLUME = {11},
      YEAR = {2018},
    NUMBER = {2},
     PAGES = {125--145},
       DOI = {10.1007/s40574-016-0112-y}
}

@article {Rob,
    AUTHOR = {Robeva, E.},
     TITLE = {Orthogonal decomposition of symmetric tensors},
   JOURNAL = {SIAM Journal on Matrix Analysis and Applications},
    VOLUME = {37},
      YEAR = {2016},
    NUMBER = {1},
     PAGES = {86--102},
       DOI = {10.1137/140989340}
}


@article{BGV,
author = {Beorchia, Valentina and Galuppi, Francesco and Venturello, Lorenzo},
title = {Eigenschemes of Ternary Tensors},
journal = {SIAM Journal on Applied Algebra and Geometry},
volume = {5},
number = {4},
pages = {620-650},
year = {2021},
doi = {10.1137/20M1355410},
}




@book {Cool,
    AUTHOR = {Coolidge, J. L.},
     TITLE = {A treatise on algebraic plane curves},
 PUBLISHER = {Dover Publications, Inc., New York},
      YEAR = {1959},
}
@book {3264,
    AUTHOR = {Eisenbud, D. and Harris, J.},
     TITLE = {3264 and all that---a second course in algebraic geometry},
 PUBLISHER = {Cambridge University Press, Cambridge},
      YEAR = {2016},
     PAGES = {xiv+616},
      ISBN = {978-1-107-60272-4; 978-1-107-01708-5},

       DOI = {10.1017/CBO9781139062046},
       URL = {https://doi.org/10.1017/CBO9781139062046},
}

@Book{Eisenbud1995,
 Author = {Eisenbud, David},
 Title = {Commutative algebra. {With} a view toward algebraic geometry},
 FSeries = {Graduate Texts in Mathematics},
 Series = {Grad. Texts Math.},
 ISSN = {0072-5285},
 Volume = {150},
 ISBN = {3-540-94269-6; 3-540-94268-8},
 Year = {1995},
 Publisher = {Berlin: Springer-Verlag},
 Language = {English},
 Keywords = {13-01,14-01,13-03,13Axx,13Cxx,13A50,13C15},
 zbMATH = {704831},
 Zbl = {0819.13001}
}

@Article{Whitney1935,
 Author = {Whitney, Hassler},
 Title = {On the abstract properties of linear dependence},
 FJournal = {American Journal of Mathematics},
 Journal = {Am. J. Math.},
 ISSN = {0002-9327},
 Volume = {57},
 Pages = {509--533},
 Year = {1935},
 Language = {English},
 DOI = {10.2307/2371182},
 Keywords = {15A03,05B35},
 zbMATH = {3017964},
 Zbl = {0012.00404}
}

%%%%%%%%%%%%%%%AGGIUNTI DA VALENTINA 22 GEN 24 %%%%%%%%%%%

@misc {Dmodules,
AUTHOR = {Leykin, A. and Harrison, T.},
 TITLE = {\text{$D$}-modules:  functions for computations with \text{$D$}-modules},
 HOWPUBLISHED={Version 1.4.0.1},
 URL={https://github.com/Macaulay2/M2/tree/master/M2/Macaulay2/packages},
}



@book {KrRo,
    AUTHOR = {Kreuzer, M. and Robbiano, L.},
     TITLE = {Computational commutative algebra 1},
 PUBLISHER = {Springer-Verlag, Berlin},
      YEAR = {2008},
}

@book {Eisenbud,
    AUTHOR = {Eisenbud, D.},
     TITLE = {The geometry of syzygies},
    SERIES = {Graduate Texts in Mathematics},
    VOLUME = {229},
 PUBLISHER = {Springer-Verlag, New York},
      YEAR = {2005},
}



@book {3264,
    AUTHOR = {Eisenbud, D. and Harris, J.},
     TITLE = {3264 and all that},
 PUBLISHER = {Cambridge university press, Cambridge},
      YEAR = {2016},
}

  

@book {BH-book,
    AUTHOR = {Bruns, W. and Herzog, J.},
     TITLE = {Cohen-{M}acaulay rings},
    SERIES = {Cambridge Studies in Advanced Mathematics},
    VOLUME = {39},
 PUBLISHER = {Cambridge University Press, Cambridge},
      YEAR = {1993},
     PAGES = {xii+403},
      ISBN = {0-521-41068-1},
   MRCLASS = {13H10 (13-02)},
  MRNUMBER = {1251956},
MRREVIEWER = {Matthew Miller},
}

@article {CGKS,
	AUTHOR = {\c{C}elik, T. \"{O}. and Galuppi, F. and Kulkarni, A. and Sorea, M.-\c{S}.},
	TITLE = {On the eigenpoints of cubic surfaces},
	JOURNAL = {Le Matematiche},
	VOLUME = {75},
	YEAR = {2020},
	NUMBER = {2},
	PAGES = {611--625},
}

@article{OO,
title = "Eigenvectors of tensors and algorithms for Waring decomposition",
journal = "Journal of Symbolic Computation",
volume = "54",
pages = "9 - 35",
year = "2013",
author = "L. Oeding and G. Ottaviani",
}



@article{Kuz,
title = "Estimation of the number of extrema of a spherical harmonic",
journal = "Astronomicheskii Zhurnal",
volume = "69",
pages = "439 - 442",
year = "1992",
author = "Kuznetsov, {\'{E}}. V. and Kohlshevnikov, K. V.",
}





@article {OS1,
    AUTHOR = {Ottaviani, G. and Sernesi, E.},
     TITLE = {On the hypersurface of {L}\"{u}roth quartics},
   JOURNAL = {Michigan Mathematical Journal},
    VOLUME = {59},
      YEAR = {2010},
    NUMBER = {2},
     PAGES = {365--394},
}

@article {OS2,
    AUTHOR = {Ottaviani, G. and Sernesi, E.},
     TITLE = {On singular {L}\"{u}roth quartics},
   JOURNAL = {Science China Mathematics},
    VOLUME = {54},
      YEAR = {2011},
    NUMBER = {8},
     PAGES = {1757--1766},
}


@article {CartSturm,
    AUTHOR = {Cartwright, D. and Sturmfels, B.},
     TITLE = {The number of eigenvalues of a tensor},
   JOURNAL  = {Linear Algebra and its Applications},
    VOLUME = {438},
      YEAR = {2013},
    NUMBER = {2},
     PAGES = {942--952},
}
@incollection {ElliaPeskine,
    AUTHOR = {Ellia, Ph. and Peskine, Ch.},
     TITLE = {Groupes de points de {$\p^2$}: caract\`ere et position uniforme},
 BOOKTITLE = {Algebraic geometry ({L}'{A}quila, 1988)},
    SERIES = {Lecture Notes in Mathematics},
    VOLUME = {1417},
     PAGES = {111--116},
 PUBLISHER = {Springer, Berlin},
      YEAR = {1990},
}


@book {EisenCommut,
    AUTHOR = {Eisenbud, D.},
     TITLE = {Commutative algebra},
    SERIES = {Graduate Texts in Mathematics},
    VOLUME = {150},
 PUBLISHER = {Springer-Verlag, New York},
      YEAR = {1995},
}

@article {Bateman,
    AUTHOR = {Bateman, H.},
     TITLE = {The quartic curve and its inscribed configurations},
   JOURNAL  = {American Journal of Mathematics},
    VOLUME = {36},
      YEAR = {1914},
    NUMBER = {4},
     PAGES = {357--386},
}





@book {Debarre,
    AUTHOR = {Debarre, O.},
     TITLE = {Higher-dimensional algebraic geometry},
    SERIES = {Universitext},
 PUBLISHER = {Springer-Verlag, New York},
      YEAR = {2001},
}





@article{K,
title = {On fully real eigenconfigurations of tensors},
journal = {SIAM Journal on Applied Algebra and Geometry},
volume = {2},
number = {2},
pages = {339 - 347},
year = {2018},
author = {Kozhasov, K.},
}




@article {Qi,
    AUTHOR = {Qi, L.},
     TITLE = {Eigenvalues of a real supersymmetric tensor},
   JOURNAL = {Journal of Symbolic Computation},
    VOLUME = {40},
      YEAR = {2005},
    NUMBER = {6},
     PAGES = {1302--1324},
}




@book{QZ,
	Author = {Qi, L. and Luo, Z.},
	Publisher = {Philadelphia, PA: Society for Industrial and Applied Mathematics},
	Title = {Tensor analysis: Spectral theory and special tensors},
	Year = {2017}}


@inproceedings {ASS,
    AUTHOR = {H. Abo and A. Seigal and B. Sturmfels},
     TITLE = {Eigenconfigurations of Tensors},
 BOOKTITLE = {Algebraic and Geometric Methods in Discrete Mathematics, Contemporary Mathematics 685},
     PAGES = {1-25},
 PUBLISHER = {American Mathematical Society, Providence, RI},
      YEAR = {2017},
}

@inproceedings {GrusonPeskine,
    AUTHOR = {Gruson, L. and Peskine, Ch.},
     TITLE = {Genre des courbes de l'espace projectif},
 BOOKTITLE = {Algebraic geometry ({P}roceedings, {T}roms\o {S}ymposium, {U}niversity of {T}roms\o ,
              {T}roms\o , 1977)},
    SERIES = {Lecture Notes in Mathematics},
    VOLUME = {687},
     PAGES = {31--59},
 PUBLISHER = {Springer, Berlin},
      YEAR = {1978},
}

@article{Hartshorne1980,
title={Stable reflexive sheaves},
journal={Mathematische Annalen},
author={Hartshorne, R.},
volume={254},
pages={121--176},
year={1980},
}

@Book{Hartshorne1977,
  title     = {Algebraic geometry},
  publisher = {Springer-Verlag},
  year      = {1977},
  author    = {Hartshorne, R.},
  volume    = {52},
  series    = {Graduate Texts in Mathematics},
  address   = {New York-Heidelberg},
  pages     = {xvi+496},
}


@book{Huybrechts2010, 
place={Cambridge}, 
edition={2}, 
series={Cambridge Mathematical Library}, 
title={The Geometry of Moduli Spaces of Sheaves},
doi={10.1017/CBO9780511711985}, 
publisher={Cambridge University Press}, 
author={Huybrechts, D. and Lehn, M.},
year={2010},
}

@article{Ellia2020,
title = "Quasi-complete intersections and global Tjurina number of plane curves",
journal = "Journal of Pure and Applied Algebra",
volume = "224",
number = "1",
pages = "423--431",
year = "2020",
doi = "10.1016/j.jpaa.2019.05.014",
author = "Ellia, Ph.",
}

@article{Simis2014,
title = {Homology of homogeneous divisors},
author = {Simis,A. and Toh\u{a}neanu, \c{S}. O. },
journal = {Israel J. of Math.},
year = {2014},
volume = {200},
doi = {449-487},
}

@book {Dolgachev,
    AUTHOR = {Dolgachev, I. V.},
     TITLE = {Classical algebraic geometry, a modern view},
 PUBLISHER = {Cambridge University Press, Cambridge},
      YEAR = {2012},
}






@article {Miranda,
    AUTHOR = {Miranda, R.},
     TITLE = {Triple covers in algebraic geometry},
   JOURNAL = {American Journal of Mathematics},
    VOLUME = {107},
      YEAR = {1985},
    NUMBER = {5},
     PAGES = {1123--1158},
}





@book {Cool,
    AUTHOR = {Coolidge, J. L.},
     TITLE = {A treatise on algebraic plane curves},
 PUBLISHER = {Dover Publications, Inc., New York},
      YEAR = {1959},
}


@article {Rob,
    AUTHOR = {Robeva, E.},
     TITLE = {Orthogonal decomposition of symmetric tensors},
   JOURNAL  = {SIAM Journal on Matrix Analysis and Applications},
    VOLUME = {37},
      YEAR = {2016},
    NUMBER = {1},
     PAGES = {86--102},
}


@article {Abo,
	AUTHOR = {Abo, H.},
	TITLE = {On the discriminant locus of a rank {$n-1$} vector bundle on
	{$\p^{n-1}$}},
	JOURNAL = {Portugaliae Mathematica},
	VOLUME = {77},
	YEAR = {2020},
	NUMBER = {3-4},
	PAGES = {299--343},
}

@article {OttSod,
	AUTHOR = {Ottaviani, G. and Sodomaco, L.},
	TITLE = {The distance function from a real algebraic variety},
	JOURNAL  = {Computer Aided Geometric Design},
	VOLUME = {82},
	YEAR = {2020},
	PAGES = {101927},
}






@article {matrici,
    AUTHOR = {Abo, H. and Eklund, D. and Kahle, T. and  Peterson, C.},
     TITLE = {Eigenschemes and the {J}ordan canonical form},
   JOURNAL  = {Linear Algebra and its Applications},
    VOLUME = {496},
      YEAR = {2016},
     PAGES = {121--151},
}






@misc {Maccioni,
AUTHOR = {Maccioni, M.},
 TITLE = {Tensor rank and eigenvectors},
NOTE={PhD thesis, University of Florence, Italy},
YEAR={2017}
}



@INPROCEEDINGS{Lim,
  author={ Lim, L.-H. },
  booktitle={1st IEEE International Workshop on Computational Advances in Multi-Sensor Adaptive Processing}, 
  title={Singular values and eigenvalues of tensors: a variational approach}, 
  year={2005},
  volume={},
  number={},
  pages={129-132},}

@incollection {ElliaStrano,
    AUTHOR = {Ellia, Ph. and Strano, R.},
     TITLE = {Sections planes et majoration du genre des courbes gauches},
 BOOKTITLE = {Complex projective geometry ({T}rieste, 1989/{B}ergen, 1989)},
    SERIES = {London Mathematical Society Lecture Note Series},
    VOLUME = {179},
     PAGES = {157--174},
 PUBLISHER = {Cambridge University Press, Cambridge},
      YEAR = {1992},
}

@article {Campanella,
    AUTHOR = {Campanella, G.},
     TITLE = {Standard bases of perfect homogeneous polynomial ideals of
              height {$2$}},
   JOURNAL = {J. Algebra},
  FJOURNAL = {Journal of Algebra},
    VOLUME = {101},
      YEAR = {1986},
    NUMBER = {1},
     PAGES = {47--60},
}

@article {GMV,
    AUTHOR = {Galuppi, F. and Mulas, R. and Venturello, L.},
     TITLE = {Spectral theory of weighted hypergraphs via tensors},
     JOURNAL = {arXiv (2021)},
     NOTE  = {\url{https://arxiv.org/pdf/2106.00277.pdf}}
}

%%%%%%%%%%%%%%%%%%%%%%%%%%%%%%%%%%%%%%%%%%%
%%%%%%%%%%%aggiunto da Valentina 5 feb 24


@misc {Dmodules,
AUTHOR = {Leykin, A. and Harrison, T.},
 TITLE = {\text{$D$}-modules:  functions for computations with \text{$D$}-modules},
 HOWPUBLISHED={Version 1.4.0.1},
 URL={https://github.com/Macaulay2/M2/tree/master/M2/Macaulay2/packages},
}



@book {KrRo,
    AUTHOR = {Kreuzer, M. and Robbiano, L.},
     TITLE = {Computational commutative algebra 1},
 PUBLISHER = {Springer-Verlag, Berlin},
      YEAR = {2008},
}

@book {Eisenbud,
    AUTHOR = {Eisenbud, D.},
     TITLE = {The geometry of syzygies},
    SERIES = {Graduate Texts in Mathematics},
    VOLUME = {229},
 PUBLISHER = {Springer-Verlag, New York},
      YEAR = {2005},
}



@book {3264,
    AUTHOR = {Eisenbud, D. and Harris, J.},
     TITLE = {3264 and all that},
 PUBLISHER = {Cambridge university press, Cambridge},
      YEAR = {2016},
}

  

@book {BH-book,
    AUTHOR = {Bruns, W. and Herzog, J.},
     TITLE = {Cohen-{M}acaulay rings},
    SERIES = {Cambridge Studies in Advanced Mathematics},
    VOLUME = {39},
 PUBLISHER = {Cambridge University Press, Cambridge},
      YEAR = {1993},
     PAGES = {xii+403},
      ISBN = {0-521-41068-1},
   MRCLASS = {13H10 (13-02)},
  MRNUMBER = {1251956},
MRREVIEWER = {Matthew Miller},
}

@article {CGKS,
	AUTHOR = {\c{C}elik, T. \"{O}. and Galuppi, F. and Kulkarni, A. and Sorea, M.-\c{S}.},
	TITLE = {On the eigenpoints of cubic surfaces},
	JOURNAL = {Le Matematiche},
	VOLUME = {75},
	YEAR = {2020},
	NUMBER = {2},
	PAGES = {611--625},
}

@article{OO,
title = "Eigenvectors of tensors and algorithms for Waring decomposition",
journal = "Journal of Symbolic Computation",
volume = "54",
pages = "9 - 35",
year = "2013",
author = "L. Oeding and G. Ottaviani",
}



@article{Kuz,
title = "Estimation of the number of extrema of a spherical harmonic",
journal = "Astronomicheskii Zhurnal",
volume = "69",
pages = "439 - 442",
year = "1992",
author = "Kuznetsov, {\'{E}}. V. and Kohlshevnikov, K. V.",
}





@article {OS1,
    AUTHOR = {Ottaviani, G. and Sernesi, E.},
     TITLE = {On the hypersurface of {L}\"{u}roth quartics},
   JOURNAL = {Michigan Mathematical Journal},
    VOLUME = {59},
      YEAR = {2010},
    NUMBER = {2},
     PAGES = {365--394},
}

@article {OS2,
    AUTHOR = {Ottaviani, G. and Sernesi, E.},
     TITLE = {On singular {L}\"{u}roth quartics},
   JOURNAL = {Science China Mathematics},
    VOLUME = {54},
      YEAR = {2011},
    NUMBER = {8},
     PAGES = {1757--1766},
}


@article {CartSturm,
    AUTHOR = {Cartwright, D. and Sturmfels, B.},
     TITLE = {The number of eigenvalues of a tensor},
   JOURNAL  = {Linear Algebra and its Applications},
    VOLUME = {438},
      YEAR = {2013},
    NUMBER = {2},
     PAGES = {942--952},
}
@incollection {ElliaPeskine,
    AUTHOR = {Ellia, Ph. and Peskine, Ch.},
     TITLE = {Groupes de points de {$\p^2$}: caract\`ere et position uniforme},
 BOOKTITLE = {Algebraic geometry ({L}'{A}quila, 1988)},
    SERIES = {Lecture Notes in Mathematics},
    VOLUME = {1417},
     PAGES = {111--116},
 PUBLISHER = {Springer, Berlin},
      YEAR = {1990},
}


@book {EisenCommut,
    AUTHOR = {Eisenbud, D.},
     TITLE = {Commutative algebra},
    SERIES = {Graduate Texts in Mathematics},
    VOLUME = {150},
 PUBLISHER = {Springer-Verlag, New York},
      YEAR = {1995},
}

@article {Bateman,
    AUTHOR = {Bateman, H.},
     TITLE = {The quartic curve and its inscribed configurations},
   JOURNAL  = {American Journal of Mathematics},
    VOLUME = {36},
      YEAR = {1914},
    NUMBER = {4},
     PAGES = {357--386},
}





@book {Debarre,
    AUTHOR = {Debarre, O.},
     TITLE = {Higher-dimensional algebraic geometry},
    SERIES = {Universitext},
 PUBLISHER = {Springer-Verlag, New York},
      YEAR = {2001},
}





@article{K,
title = {On fully real eigenconfigurations of tensors},
journal = {SIAM Journal on Applied Algebra and Geometry},
volume = {2},
number = {2},
pages = {339 - 347},
year = {2018},
author = {Kozhasov, K.},
}




@article {Qi,
    AUTHOR = {Qi, L.},
     TITLE = {Eigenvalues of a real supersymmetric tensor},
   JOURNAL = {Journal of Symbolic Computation},
    VOLUME = {40},
      YEAR = {2005},
    NUMBER = {6},
     PAGES = {1302--1324},
}




@book{QZ,
	Author = {Qi, L. and Luo, Z.},
	Publisher = {Philadelphia, PA: Society for Industrial and Applied Mathematics},
	Title = {Tensor analysis: Spectral theory and special tensors},
	Year = {2017}}


@inproceedings {ASS,
    AUTHOR = {H. Abo and A. Seigal and B. Sturmfels},
     TITLE = {Eigenconfigurations of Tensors},
 BOOKTITLE = {Algebraic and Geometric Methods in Discrete Mathematics, Contemporary Mathematics 685},
     PAGES = {1-25},
 PUBLISHER = {American Mathematical Society, Providence, RI},
      YEAR = {2017},
}

@inproceedings {GrusonPeskine,
    AUTHOR = {Gruson, L. and Peskine, Ch.},
     TITLE = {Genre des courbes de l'espace projectif},
 BOOKTITLE = {Algebraic geometry ({P}roceedings, {T}roms\o {S}ymposium, {U}niversity of {T}roms\o ,
              {T}roms\o , 1977)},
    SERIES = {Lecture Notes in Mathematics},
    VOLUME = {687},
     PAGES = {31--59},
 PUBLISHER = {Springer, Berlin},
      YEAR = {1978},
}

@article{Hartshorne1980,
title={Stable reflexive sheaves},
journal={Mathematische Annalen},
author={Hartshorne, R.},
volume={254},
pages={121--176},
year={1980},
}

@Book{Hartshorne1977,
  title     = {Algebraic geometry},
  publisher = {Springer-Verlag},
  year      = {1977},
  author    = {Hartshorne, R.},
  volume    = {52},
  series    = {Graduate Texts in Mathematics},
  address   = {New York-Heidelberg},
  pages     = {xvi+496},
}


@book{Huybrechts2010, 
place={Cambridge}, 
edition={2}, 
series={Cambridge Mathematical Library}, 
title={The Geometry of Moduli Spaces of Sheaves},
doi={10.1017/CBO9780511711985}, 
publisher={Cambridge University Press}, 
author={Huybrechts, D. and Lehn, M.},
year={2010},
}

@article{Ellia2020,
title = "Quasi-complete intersections and global Tjurina number of plane curves",
journal = "Journal of Pure and Applied Algebra",
volume = "224",
number = "1",
pages = "423--431",
year = "2020",
doi = "10.1016/j.jpaa.2019.05.014",
author = "Ellia, Ph.",
}

@article{Simis2014,
title = {Homology of homogeneous divisors},
author = {Simis,A. and Toh\u{a}neanu, \c{S}. O. },
journal = {Israel J. of Math.},
year = {2014},
volume = {200},
doi = {449-487},
}

@book {Dolgachev,
    AUTHOR = {Dolgachev, I. V.},
     TITLE = {Classical algebraic geometry, a modern view},
 PUBLISHER = {Cambridge University Press, Cambridge},
      YEAR = {2012},
}






@article {Miranda,
    AUTHOR = {Miranda, R.},
     TITLE = {Triple covers in algebraic geometry},
   JOURNAL = {American Journal of Mathematics},
    VOLUME = {107},
      YEAR = {1985},
    NUMBER = {5},
     PAGES = {1123--1158},
}





@book {Cool,
    AUTHOR = {Coolidge, J. L.},
     TITLE = {A treatise on algebraic plane curves},
 PUBLISHER = {Dover Publications, Inc., New York},
      YEAR = {1959},
}


@article {Rob,
    AUTHOR = {Robeva, E.},
     TITLE = {Orthogonal decomposition of symmetric tensors},
   JOURNAL  = {SIAM Journal on Matrix Analysis and Applications},
    VOLUME = {37},
      YEAR = {2016},
    NUMBER = {1},
     PAGES = {86--102},
}


@article {Abo,
	AUTHOR = {Abo, H.},
	TITLE = {On the discriminant locus of a rank {$n-1$} vector bundle on
	{$\p^{n-1}$}},
	JOURNAL = {Portugaliae Mathematica},
	VOLUME = {77},
	YEAR = {2020},
	NUMBER = {3-4},
	PAGES = {299--343},
}

@article {OttSod,
	AUTHOR = {Ottaviani, G. and Sodomaco, L.},
	TITLE = {The distance function from a real algebraic variety},
	JOURNAL  = {Computer Aided Geometric Design},
	VOLUME = {82},
	YEAR = {2020},
	PAGES = {101927},
}






@article {matrici,
    AUTHOR = {Abo, H. and Eklund, D. and Kahle, T. and  Peterson, C.},
     TITLE = {Eigenschemes and the {J}ordan canonical form},
   JOURNAL  = {Linear Algebra and its Applications},
    VOLUME = {496},
      YEAR = {2016},
     PAGES = {121--151},
}






@misc {Maccioni,
AUTHOR = {Maccioni, M.},
 TITLE = {Tensor rank and eigenvectors},
NOTE={PhD thesis, University of Florence, Italy},
YEAR={2017}
}



@INPROCEEDINGS{Lim,
  author={ Lim, L.-H. },
  booktitle={1st IEEE International Workshop on Computational Advances in Multi-Sensor Adaptive Processing}, 
  title={Singular values and eigenvalues of tensors: a variational approach}, 
  year={2005},
  volume={},
  number={},
  pages={129-132},}

@incollection {ElliaStrano,
    AUTHOR = {Ellia, Ph. and Strano, R.},
     TITLE = {Sections planes et majoration du genre des courbes gauches},
 BOOKTITLE = {Complex projective geometry ({T}rieste, 1989/{B}ergen, 1989)},
    SERIES = {London Mathematical Society Lecture Note Series},
    VOLUME = {179},
     PAGES = {157--174},
 PUBLISHER = {Cambridge University Press, Cambridge},
      YEAR = {1992},
}

@article {Campanella,
    AUTHOR = {Campanella, G.},
     TITLE = {Standard bases of perfect homogeneous polynomial ideals of
              height {$2$}},
   JOURNAL = {J. Algebra},
  FJOURNAL = {Journal of Algebra},
    VOLUME = {101},
      YEAR = {1986},
    NUMBER = {1},
     PAGES = {47--60},
}

@article {GMV,
    AUTHOR = {Galuppi, F. and Mulas, R. and Venturello, L.},
     TITLE = {Spectral theory of weighted hypergraphs via tensors},
     JOURNAL = {arXiv (2021)},
     NOTE  = {\url{https://arxiv.org/pdf/2106.00277.pdf}}
}

%%%%%%%%%%%%%%%%%%%%%%%%%%%%%%%%%%%%%
%%%%%%%%%%%ancora altre aggiunte di valentina

@article{Dmodules,
    AUTHOR = {Leykin, A. and Harrison, T.},
    TITLE = {\text{$D$}-modules:  functions for computations with \text{$D$}-modules. \text{Version 1.4.0.1. A Macaulay2} package  available at},
    VOLUME = {\url{https://github.com/Macaulay2/M2/tree/master/M2/Macaulay2/packages}},
    }

@book {KrRo,
    AUTHOR = {Kreuzer, M. and Robbiano, L.},
     TITLE = {Computational commutative algebra 1},
 PUBLISHER = {Springer-Verlag, Berlin},
      YEAR = {2008},
}

@book {Eisenbud,
    AUTHOR = {Eisenbud, D.},
     TITLE = {The geometry of syzygies},
    SERIES = {Graduate Texts in Mathematics},
    VOLUME = {229},
 PUBLISHER = {Springer-Verlag, New York},
      YEAR = {2005},
}

@article {RS,
    AUTHOR = {Ranestad, K. and Sturmfels, B.},
     TITLE = {Twenty-seven questions about the cubic surface},
   JOURNAL = {Matematiche (Catania)},
  FJOURNAL = {Le Matematiche},
    VOLUME = {75},
      YEAR = {2020},
    NUMBER = {2},
     PAGES = {411--424},
      ISSN = {0373-3505},
   MRCLASS = {14J26 (14-06 14N05 14T20)},
  MRNUMBER = {4151964},
       DOI = {10.4418/2020.75.2.1},
       URL = {https://doi.org/10.4418/2020.75.2.1},
}



@book {3264,
    AUTHOR = {Eisenbud, D. and Harris, J.},
     TITLE = {3264 and all that},
 PUBLISHER = {Cambridge university press, Cambridge},
      YEAR = {2016},
}

  @book {eisenvudcommutative,
    AUTHOR = {Eisenbud, D.},
     TITLE = {Commutative algebra with a view toward algebraic geometry},
   SERIES = {Graduate Texts in Mathematics},
    VOLUME = {150},
      
 PUBLISHER = {Springer-Verlag, New York},
      YEAR = {1995},
}

@book {brunsvetter,
    AUTHOR = {Bruns, W. and Vetter, U.},
     TITLE = {Determinantal rings},
    SERIES = {Lecture Notes in Mathematics},
    VOLUME = {1327},
 PUBLISHER = {Springer-Verlag, Berlin},
      YEAR = {1988},
      }
      
      
@book {BH-book,
    AUTHOR = {Bruns, W. and Herzog, J.},
     TITLE = {Cohen-{M}acaulay rings},
    SERIES = {Cambridge Studies in Advanced Mathematics},
    VOLUME = {39},
 PUBLISHER = {Cambridge University Press, Cambridge},
      YEAR = {1993},
     PAGES = {xii+403},
      ISBN = {0-521-41068-1},
}

@book {QiChenChen2018,
    AUTHOR = {Qi, L. and Chen, H. and Chen, Y.},
     TITLE = {Tensor eigenvalues and their applications},
    SERIES = {Advances in Mechanics and Mathematics},
    VOLUME = {39},
 PUBLISHER = {Springer, Singapore},
      YEAR = {2018},
     PAGES = {xiii+329},
      ISBN = {978-981-10-8057-9; 978-981-10-8058-6},
   MRCLASS = {15-01 (74B05 74F15 81-01 81P16 81P40 81Q12 94A08)},
  MRNUMBER = {3791481},
MRREVIEWER = {Guyan Ni},
       DOI = {10.1007/978-981-10-8058-6},
       URL = {https://doi.org/10.1007/978-981-10-8058-6},
}

@article {CGKS,
    AUTHOR = {{\c{C}}elik, T. \"{O}. and Galuppi, F. and Kulkarni, A. and Sorea,
              M.-\c{S}.},
     TITLE = {On the eigenpoints of cubic surfaces},
   JOURNAL = {Matematiche (Catania)},
  FJOURNAL = {Le Matematiche},
    VOLUME = {75},
      YEAR = {2020},
    NUMBER = {2},
     PAGES = {611--625},
      ISSN = {0373-3505},
   MRCLASS = {14Q20 (14M15 15A18 15A69)},
  MRNUMBER = {4151976},
MRREVIEWER = {Gerhard Pfister},
       DOI = {10.4418/2020.75.2.13},
       URL = {https://doi.org/10.4418/2020.75.2.13},
}

@article{OO,
title = "Eigenvectors of tensors and algorithms for Waring decomposition",
journal = "Journal of Symbolic Computation",
volume = "54",
pages = "9 - 35",
year = "2013",
author = "L. Oeding and G. Ottaviani",
}



@article{Kuz,
title = "Estimation of the number of extrema of a spherical harmonic",
journal = "Astronomicheskii Zhurnal",
volume = "69",
pages = "439 - 442",
year = "1992",
author = "Kuznetsov, É. V. and Kohlshevnikov, K. V.",
}





@article {OS1,
    AUTHOR = {Ottaviani, G. and Sernesi, E.},
     TITLE = {On the hypersurface of {L}\"{u}roth quartics},
   JOURNAL = {Michigan Mathematical Journal},
    VOLUME = {59},
      YEAR = {2010},
    NUMBER = {2},
     PAGES = {365--394},
}

@article {OS2,
    AUTHOR = {Ottaviani, G. and Sernesi, E.},
     TITLE = {On singular {L}\"{u}roth quartics},
   JOURNAL = {Science China. Mathematics},
    VOLUME = {54},
      YEAR = {2011},
    NUMBER = {8},
     PAGES = {1757--1766},
}


@article {CartSturm,
    AUTHOR = {Cartwright, D. and Sturmfels, B.},
     TITLE = {The number of eigenvalues of a tensor},
   JOURNAL  = {Linear Algebra and its Applications},
    VOLUME = {438},
      YEAR = {2013},
    NUMBER = {2},
     PAGES = {942--952},
}
@incollection {ElliaPeskine,
    AUTHOR = {Ellia, Ph. and Peskine, Ch.},
     TITLE = {Groupes de points de {$\p^2$}: caract\`ere et position uniforme},
 BOOKTITLE = {Algebraic geometry ({L}'{A}quila, 1988)},
    SERIES = {Lecture Notes in Math.},
    VOLUME = {1417},
     PAGES = {111--116},
 PUBLISHER = {Springer, Berlin},
      YEAR = {1990},
}




@article {Bateman,
    AUTHOR = {Bateman, H.},
     TITLE = {The quartic curve and its inscribed configurations},
   JOURNAL  = {American Journal of Mathematics},
    VOLUME = {36},
      YEAR = {1914},
    NUMBER = {4},
     PAGES = {357--386},
}





@book {Debarre,
    AUTHOR = {Debarre, O.},
     TITLE = {Higher-dimensional algebraic geometry},
    SERIES = {Universitext},
 PUBLISHER = {Springer-Verlag, New York},
      YEAR = {2001},
}





@article{K,
title = {On fully real eigenconfigurations of tensors},
journal = {SIAM Journal on Applied Algebra and Geometry},
volume = {2},
number = {2},
pages = {339 - 347},
year = {2018},
author = {Kozhasov, K.},
}




@article {Qi,
    AUTHOR = {Qi, L.},
     TITLE = {Eigenvalues of a real supersymmetric tensor},
   JOURNAL = {Journal of Symbolic Computation},
    VOLUME = {40},
      YEAR = {2005},
    NUMBER = {6},
     PAGES = {1302--1324},
}




@book{QZ,
	Author = {Qi, L. and Luo, Z.},
	Publisher = {Philadelphia, PA: Society for Industrial and Applied Mathematics},
	Title = {Tensor analysis: Spectral theory and special tensors},
	Year = {2017}}


@inproceedings {ASS,
    AUTHOR = {H. Abo and A. Seigal and B. Sturmfels},
     TITLE = {Eigenconfigurations of Tensors},
 BOOKTITLE = {Algebraic and Geometric Methods in Discrete Mathematics, Contemporary Mathematics 685},
     PAGES = {1-25},
 PUBLISHER = {American Mathematical Society, Providence, RI},
      YEAR = {2017},
}

@inproceedings {GrusonPeskine,
    AUTHOR = {Gruson, L. and Peskine, Ch.},
     TITLE = {Genre des courbes de l'espace projectif},
 BOOKTITLE = {Algebraic geometry ({P}roc. {S}ympos., {U}niv. {T}roms\o ,
              {T}roms\o , 1977)},
    SERIES = {Lecture Notes in Math.},
    VOLUME = {687},
     PAGES = {31--59},
 PUBLISHER = {Springer, Berlin},
      YEAR = {1978},
}

@article{Hartshorne1980,
title={Stable reflexive sheaves},
journal={Mathematische Annalen},
author={Hartshorne, R.},
volume={254},
pages={121--176},
year={1980},
doi={10.1007/BF01467074},
}

@Book{Hartshorne1977,
  title     = {Algebraic geometry},
  publisher = {Springer-Verlag},
  year      = {1977},
  author    = {Hartshorne, R.},
  volume    = {52},
  series    = {Graduate Texts in Mathematics},
  address   = {New York-Heidelberg},
  pages     = {xvi+496},
}


@book{Huybrechts2010, 
place={Cambridge}, 
edition={2}, 
series={Cambridge Mathematical Library}, 
title={The Geometry of Moduli Spaces of Sheaves},
doi={10.1017/CBO9780511711985}, 
publisher={Cambridge University Press}, 
author={Huybrechts, D. and Lehn, M.},
year={2010},
}


@article{Turatti,
title = {On tensors that are determined by their singular tuples},
author = {Turatti, E.},
journal={SIAM Journal on Applied Algebra and Geometry},
volume={6(2)},
pages={319--338},
year={2022},
doi={10.1137/21M1412980},
}


@book {Dolgachev,
    AUTHOR = {Dolgachev, I. V.},
     TITLE = {Classical algebraic geometry, a modern view},
 PUBLISHER = {Cambridge University Press, Cambridge},
      YEAR = {2012},
}

@article {Maccioni,
AUTHOR = {M. Maccioni},
     TITLE = {The number of real eigenvectors of a real polynomial},
   JOURNAL = {Bollettino dell'Unione Matematica Italiana},
    VOLUME = {11},
      YEAR = {2018},
    NUMBER = {2},
     PAGES = {125--145},
}




@article {Miranda,
    AUTHOR = {Miranda, R.},
     TITLE = {Triple covers in algebraic geometry},
   JOURNAL = {American Journal of Mathematics},
    VOLUME = {107},
      YEAR = {1985},
    NUMBER = {5},
     PAGES = {1123--1158},
}





@book {Cool,
    AUTHOR = {Coolidge, J. L.},
     TITLE = {A treatise on algebraic plane curves},
 PUBLISHER = {Dover Publications, Inc., New York},
      YEAR = {1959},
}


@article {Rob,
    AUTHOR = {Robeva, E.},
     TITLE = {Orthogonal decomposition of symmetric tensors},
   JOURNAL  = {SIAM Journal on Matrix Analysis and Applications},
    VOLUME = {37},
      YEAR = {2016},
    NUMBER = {1},
     PAGES = {86--102},
}


@article {Abo,
    AUTHOR = {Abo, H.},
     TITLE = {On the discriminant locus of a rank {$n-1$} vector bundle on
              {$\mathbb P^{n-1}$}},
   JOURNAL = {Portugaliae Mathematica},
    VOLUME = {77},
      YEAR = {2020},
    NUMBER = {3-4},
     PAGES = {299--343},
      ISSN = {0032-5155},
   MRCLASS = {14J60 (14M12 15A69)},
  MRNUMBER = {4191644},
MRREVIEWER = {Yeongrak Kim},
       DOI = {10.4171/pm/2053},
       URL = {https://doi.org/10.4171/pm/2053},
}






@INPROCEEDINGS{Lim,
  author={ Lim, L.-H. },
  booktitle={1st IEEE International Workshop on Computational Advances in Multi-Sensor Adaptive Processing}, 
  title={Singular values and eigenvalues of tensors: a variational approach}, 
  year={2005},
  volume={},
  number={},
  pages={129-132},}

@incollection {ElliaStrano,
    AUTHOR = {Ellia, Ph. and Strano, R.},
     TITLE = {Sections planes et majoration du genre des courbes gauches},
 BOOKTITLE = {Complex projective geometry ({T}rieste, 1989/{B}ergen, 1989)},
    SERIES = {London Math. Soc. Lecture Note Ser.},
    VOLUME = {179},
     PAGES = {157--174},
 PUBLISHER = {Cambridge Univ. Press, Cambridge},
      YEAR = {1992},
}

@article {Campanella,
    AUTHOR = {Campanella, G.},
     TITLE = {Standard bases of perfect homogeneous polynomial ideals of
              height {$2$}},
   JOURNAL = {J. Algebra},
  FJOURNAL = {Journal of Algebra},
    VOLUME = {101},
      YEAR = {1986},
    NUMBER = {1},
     PAGES = {47--60},
}


@article {BGV,
    AUTHOR = {Beorchia, V. and Galuppi, F. and Venturello, L.},
     TITLE = {Eigenschemes of ternary tensors},
   JOURNAL  = {SIAM Journal on Applied Algebra and Geometry},
    VOLUME = {5},
      YEAR = {2021},
    NUMBER = {4},
     PAGES = {620--650},
}

@incollection {GP,
    AUTHOR = {Gruson, L. and Peskine, Ch.},
     TITLE = {Courbes de l'espace projectif: vari\'{e}t\'{e}s de s\'{e}cantes},
 BOOKTITLE = {Enumerative geometry and classical algebraic geometry ({N}ice,
              1981)},
    SERIES = {Progr. Math.},
    VOLUME = {24},
    PUBLISHER = {Birkh\"{a}user, Boston, Mass.},
    YEAR = {1982},
     PAGES = {1--31},
}

@article {HE,
    AUTHOR = {Hochster, M. and Eagon, J. A.},
     TITLE = {Cohen-{M}acaulay rings, invariant theory, and the generic
              perfection of determinantal loci},
   JOURNAL = {Amer. J. Math.},
  FJOURNAL = {American Journal of Mathematics},
    VOLUME = {93},
      YEAR = {1971},
     PAGES = {1020--1058},
      }


@article {FF,
    AUTHOR = {Faenzi, D. and Fania, M. L.},
     TITLE = {On the {H}ilbert scheme of varieties defined by maximal
              minors},
   JOURNAL = {Math. Res. Lett.},
  FJOURNAL = {Mathematical Research Letters},
    VOLUME = {21},
      YEAR = {2014},
    NUMBER = {2},
     PAGES = {297--311},
      
}


@article {Kreuzer,
    AUTHOR = {Kreuzer, M. and Migliore, J. C. and Peterson, C. and
              Nagel, U.},
     TITLE = {Determinantal schemes and {B}uchsbaum-{R}im sheaves},
   JOURNAL = {J. Pure Appl. Algebra},
  FJOURNAL = {Journal of Pure and Applied Algebra},
    VOLUME = {150},
      YEAR = {2000},
    NUMBER = {2},
     PAGES = {155--174},
     }
@article {Kempf,
    AUTHOR = {Kempf, G. and Laksov, D.},
     TITLE = {The determinantal formula of {S}chubert calculus},
   JOURNAL = {Acta Math.},
  FJOURNAL = {Acta Mathematica},
    VOLUME = {132},
      YEAR = {1974},
     PAGES = {153--162},
     }

@article {Ott,
    AUTHOR = {Ottaviani, Giorgio},
     TITLE = {The critical space for orthogonally invariant varieties},
   JOURNAL = {Vietnam J. Math.},
  FJOURNAL = {Vietnam Journal of Mathematics},
    VOLUME = {50},
      YEAR = {2022},
    NUMBER = {3},
     PAGES = {615--622},
      }
      
      @article {DOT,
    AUTHOR = {Draisma, Jan and Ottaviani, Giorgio and Tocino, Alicia},
     TITLE = {Best rank-{$k$} approximations for tensors: generalizing
              {E}ckart-{Y}oung},
   JOURNAL = {Res. Math. Sci.},
  FJOURNAL = {Research in the Mathematical Sciences},
    VOLUME = {5},
      YEAR = {2018},
    NUMBER = {2},
     PAGES = {Paper No. 27, 13},
      ISSN = {2522-0144,2197-9847},
   MRCLASS = {15A69 (15A18 15A72)},
  MRNUMBER = {3805895},
MRREVIEWER = {Gustavo\ Adolfo\ Mu\~{n}oz-Fern\'{a}ndez},
       DOI = {10.1007/s40687-018-0145-1},
       URL = {https://doi.org/10.1007/s40687-018-0145-1},
}
